<?xml version="1.0" encoding="UTF-8"?><collection xmlns="http://www.loc.gov/MARC21/slim"><record><leader>00499nam--2200169-u-4500</leader><controlfield tag="001">000053777</controlfield><controlfield tag="002">20161230</controlfield><controlfield tag="005">20161230201051</controlfield><controlfield tag="008">110620s1000------------r-----000-0-eng-d</controlfield><datafield ind1=" " ind2=" " tag="040"><subfield code="a">IFIN-HH</subfield></datafield><datafield ind1=" " ind2=" " tag="080"><subfield code="a">537.622(043)</subfield></datafield><datafield ind1="1" ind2=" " tag="100"><subfield code="a">Horn, Paul M</subfield></datafield><datafield ind1="1" ind2="0" tag="245"><subfield code="a">Magnetic susceptibility as a probe of microscopic ordering phenomena</subfield><subfield code="b">Dissertation</subfield><subfield code="c">Paul m. horn</subfield></datafield><datafield ind1=" " ind2=" " tag="260"><subfield code="a">Ann Arbor, Michigan</subfield><subfield code="b">University Microfilms</subfield><subfield code="c">1974</subfield></datafield><datafield ind1=" " ind2=" " tag="300"><subfield code="a">108P</subfield></datafield><datafield ind1=" " ind2=" " tag="852"><subfield code="a">42461</subfield><subfield code="c">537:538</subfield></datafield><datafield ind1=" " ind2=" " tag="CAT"><subfield code="a">Sys</subfield><subfield code="c">20110620</subfield><subfield code="h">160120</subfield></datafield></record></collection>